@article{murray2012disability,
  title={Disability-adjusted life years (DALYs) for 291 diseases and injuries in 21 regions, 1990--2010: a systematic analysis for the Global Burden of Disease Study 2010},
  author={Murray, Christopher JL and Vos, Theo and Lozano, Rafael and Naghavi, Mohsen and Flaxman, Abraham D and Michaud, Catherine and Ezzati, Majid and Shibuya, Kenji and Salomon, Joshua A and Abdalla, Safa and others},
  journal={The lancet},
  volume={380},
  number={9859},
  pages={2197--2223},
  year={2012},
  publisher={Elsevier},
  doi = {10.1016/S0140-6736(12)61689-4}
}

@article{blyth2019global,
  title={The global burden of musculoskeletal painâ€”where to from here?},
  author={Blyth, Fiona M and Briggs, Andrew M and Schneider, Carmen Huckel and Hoy, Damian G and March, Lyn M},
  journal={American journal of public health},
  volume={109},
  number={1},
  pages={35--40},
  year={2019},
  publisher={American Public Health Association},
  doi={10.2105/AJPH.2018.304747}
}

@article{wijnhoven2006prevalence,
  title={Prevalence of musculoskeletal disorders is systematically higher in women than in men},
  author={Wijnhoven, Hanneke AH and De Vet, Henrika CW and Picavet, H Susan J},
  journal={The Clinical journal of pain},
  volume={22},
  number={8},
  pages={717--724},
  year={2006},
  publisher={LWW},
  doi={10.1097/01.ajp.0000210912.95664.53}
}

@article{jordan2010annual,
  title={Annual consultation prevalence of regional musculoskeletal problems in primary care: an observational study},
  author={Jordan, Kelvin P and Kadam, Umesh T and Hayward, Richard and Porcheret, Mark and Young, Catherine and Croft, Peter},
  journal={BMC musculoskeletal disorders},
  volume={11},
  number={1},
  pages={1--10},
  year={2010},
  publisher={BioMed Central},
  doi={10.1186/1471-2474-11-144}
}

@article{artus2017generic,
  title={Generic prognostic factors for musculoskeletal pain in primary care: a systematic review},
  author={Artus, Majid and Campbell, Paul and Mallen, Christian D and Dunn, Kate M and van der Windt, Danielle AW},
  journal={BMJ open},
  volume={7},
  number={1},
  pages={e012901},
  year={2017},
  publisher={British Medical Journal Publishing Group},
  doi={10.1136/bmjopen-2016-012901}
}



@article{hill2011comparison,
  title={Comparison of stratified primary care management for low back pain with current best practice (STarT Back): a randomised controlled trial},
  author={Hill, Jonathan C and Whitehurst, David GT and Lewis, Martyn and Bryan, Stirling and Dunn, Kate M and Foster, Nadine E and Konstantinou, Kika and Main, Chris J and Mason, Elizabeth and Somerville, Simon and others},
  journal={The Lancet},
  volume={378},
  number={9802},
  pages={1560--1571},
  year={2011},
  publisher={Elsevier},
  doi={10.1016/S0140-6736(11)60937-9}
}

@article{jc59lewis,
  title={A primary care back pain screening tool: identifying patient subgroups for initial treatment},
  author={Hill, Jonathan C and Dunn, Kate M and Lewis, Martyn},
  journal={Arthritis rheum},
  volume={59},
  number={5},
  pages={632--641},
  year={2008},
  doi={10.1002/art.23563}
}

@article{campbell2016keele,
  title={Keele Aches and Pains Study protocol: validity, acceptability, and feasibility of the Keele STarT MSK tool for subgrouping musculoskeletal patients in primary care},
  author={Campbell, Paul and Hill, Jonathan C and Protheroe, Joanne and Afolabi, Ebenezer K and Lewis, Martyn and Beardmore, Ruth and Hay, Elaine M and Mallen, Christian D and Bartlam, Bernadette and Saunders, Benjamin and others},
  journal={Journal of pain research},
  volume={9},
  pages={807},
  year={2016},
  publisher={Dove Press},
  doi={10.2147/JPR.S116614}
}

@article{saunders2020stratified,
  title={Stratified primary care versus non-stratified care for musculoskeletal pain: qualitative findings from the STarT MSK feasibility and pilot cluster randomized controlled trial},
  author={Saunders, Benjamin and Hill, Jonathan C and Foster, Nadine E and Cooper, Vince and Protheroe, Joanne and Chudyk, Adrian and Chew-Graham, Carolyn and Bartlam, Bernadette},
  journal={BMC family practice},
  volume={21},
  number={1},
  pages={1--12},
  year={2020},
  publisher={BioMed Central},
  doi={10.1186/s12875-020-1098-1}
}

@article{hill2020stratified,
  title={Stratified primary care versus non-stratified care for musculoskeletal pain: findings from the STarT MSK feasibility and pilot cluster randomized controlled trial},
  author={Hill, JC and Garvin, S and Chen, Y and Cooper, V and Wathall, S and Saunders, B and Lewis, M and Protheroe, J and Chudyk, A and Dunn, KM and others},
  journal={BMC family practice},
  volume={21},
  number={1},
  pages={1--18},
  year={2020},
  publisher={BioMed Central},
  do={10.1186/s12875-019-1074-9}
}

@article{dunn2021refinement,
  title={Refinement and validation of a tool for stratifying patients with musculoskeletal pain},
  author={Dunn, Kate M and Campbell, Paul and Lewis, Martyn and Hill, Jonathan C and van der Windt, Danielle A and Afolabi, Ebenezer and Protheroe, Joanne and Wathall, Simon and Jowett, Sue and Oppong, Raymond and others},
  journal={European Journal of Pain},
  year={2021},
  publisher={Wiley Online Library},
  doi={10.1002/ejp.1821}
}

@article{hill2016does,
  title={Does a modified STarT Back Tool predict outcome with a broader group of musculoskeletal patients than back pain? A secondary analysis of cohort data},
  author={Hill, JC and Afolabi, EK and Lewis, M and Dunn, KM and Roddy, E and Van Der Windt, DA and Foster, NE},
  journal={BMJ open},
  volume={6},
  number={10},
  pages={e012445},
  year={2016},
  publisher={British Medical Journal Publishing Group},
  doi={10.1136/bmjopen-2016-012445}
}

@article{van2021validity,
  title={Validity and reliability of the Dutch STarT MSK tool in patients with musculoskeletal pain in primary care physiotherapy},
  author={van den Broek, Anke G and Kloek, Corelien JJ and Pisters, Martijn F and Veenhof, Cindy},
  journal={PloS one},
  volume={16},
  number={3},
  pages={e0248616},
  year={2021},
  publisher={Public Library of Science San Francisco, CA USA},
  doi={10.1371/journal.pone.0248616}
}

@article{mokkink2016consensus,
  title={The COnsensus-based Standards for the selection of health Measurement INstruments (COSMIN) and how to select an outcome measurement instrument},
  author={Mokkink, Lidwine B and Prinsen, Cecilia AC and Bouter, Lex M and de Vet, Henrica CW and Terwee, Caroline B},
  journal={Brazilian journal of physical therapy},
  volume={20},
  pages={105--113},
  year={2016},
  publisher={SciELO Brasil},
  doi={10.1590/bjpt-rbf.2014.0143}
}

@article{guillemin1993cross,
  title={Cross-cultural adaptation of health-related quality of life measures: literature review and proposed guidelines},
  author={Guillemin, Francis and Bombardier, Claire and Beaton, Dorcas},
  journal={Journal of clinical epidemiology},
  volume={46},
  number={12},
  pages={1417--1432},
  year={1993},
  publisher={Elsevier},
  doi={10.1016/0895-4356(93)90142-N}
}

@article{beaton2000guidelines,
  title={Guidelines for the process of cross-cultural adaptation of self-report measures},
  author={Beaton, Dorcas E and Bombardier, Claire and Guillemin, Francis and Ferraz, Marcos Bosi},
  journal={Spine},
  volume={25},
  number={24},
  pages={3186--3191},
  year={2000},
  publisher={LWW},
  doi={},
  url={http://www.ncbi.nlm.nih.gov/pubmed/11124735}
}

@article{gabel2012orebro,
  title={The {\"O}rebro Musculoskeletal Screening Questionnaire: validation of a modified primary care musculoskeletal screening tool in an acute work injured population},
  author={Gabel, Charles Philip and Melloh, Markus and Burkett, Brendan and Osborne, Jason and Yelland, Michael},
  journal={Manual therapy},
  volume={17},
  number={6},
  pages={554--565},
  year={2012},
  publisher={Elsevier},
  doi={10.1016/j.math.2012.05.014}
}

@article{hilfiker2016validity,
  title={Validity and responsiveness of the French version of the {\"O}rebro Musculoskeletal Pain Screening Questionnaire in chronic low back pain},
  author={Hilfiker, R and Knutti, IA and Raval-Roland, B and Rivier, G and Crombez, Geert and Opsommer, Emmanuelle},
  journal={European Spine Journal},
  volume={25},
  number={9},
  pages={2741--2749},
  year={2016},
  publisher={Springer},
  doi={10.1007/s00586-016-4635-9}
}

@article{linton2011development,
  title={Development of a short form of the {\"O}rebro Musculoskeletal Pain Screening Questionnaire},
  author={Linton, Steven J and Nicholas, Michael and MacDonald, Shane},
  journal={Spine},
  volume={36},
  number={22},
  pages={1891--1895},
  year={2011},
  publisher={LWW},
  doi={10.1097/BRS.0b013e3181f8f775}
}

@article{jenkinson1997development,
  title={Development and testing of the UK SF-12},
  author={Jenkinson, Crispin and Layte, Richard},
  journal={Journal of health services research \& policy},
  volume={2},
  number={1},
  pages={14--18},
  year={1997},
  publisher={SAGE Publications Sage UK: London, England},
  doi={10.1177/135581969700200105}
}

@book{de2011measurement,
  title={Measurement in medicine: a practical guide},
  author={De Vet, Henrica CW and Terwee, Caroline B and Mokkink, Lidwine B and Knol, Dirk L},
  year={2011},
  publisher={Cambridge university press},
  doi={10.1017/CBO9780511996214}
}

@article{deyo1991reproducibility,
  title={Reproducibility and responsiveness of health status measures statistics and strategies for evaluation},
  author={Deyo, Richard A and Diehr, Paula and Patrick, Donald L},
  journal={Controlled clinical trials},
  volume={12},
  number={4},
  pages={S142--S158},
  year={1991},
  publisher={Elsevier},
  doi={10.1016/S0197-2456(05)80019-4}
}

@article{mchugh2012interrater,
  title={Interrater reliability: the kappa statistic},
  author={McHugh, Mary L},
  journal={Biochemia medica},
  volume={22},
  number={3},
  pages={276--282},
  year={2012},
  publisher={Medicinska naklada},
  doi={10.11613/bm.2012.031}
}

@article{mokkink2010cosmin,
  title={The COSMIN checklist for assessing the methodological quality of studies on measurement properties of health status measurement instruments: an international Delphi study},
  author={Mokkink, Lidwine B and Terwee, Caroline B and Patrick, Donald L and Alonso, Jordi and Stratford, Paul W and Knol, Dirk L and Bouter, Lex M and De Vet, Henrica CW},
  journal={Quality of life research},
  volume={19},
  number={4},
  pages={539--549},
  year={2010},
  publisher={Springer},
  doi={10.1007/s11136-010-9606-8}
}

@article{terwee2007quality,
  title={Quality criteria were proposed for measurement properties of health status questionnaires},
  author={Terwee, Caroline B and Bot, Sandra DM and de Boer, Michael R and van der Windt, Dani{\"e}lle AWM and Knol, Dirk L and Dekker, Joost and Bouter, Lex M and de Vet, Henrica CW},
  journal={Journal of clinical epidemiology},
  volume={60},
  number={1},
  pages={34--42},
  year={2007},
  publisher={Elsevier},
  doi={10.1016/j.jclinepi.2006.03.012}
}

@article{vos2016global,
  title={Global, regional, and national incidence, prevalence, and years lived with disability for 310 diseases and injuries, 1990--2015: a systematic analysis for the Global Burden of Disease Study 2015},
  author={Vos, Theo and Allen, Christine and Arora, Megha and Barber, Ryan M and Bhutta, Zulfiqar A and Brown, Alexandria and Carter, Austin and Casey, Daniel C and Charlson, Fiona J and Chen, Alan Z and others},
  journal={The lancet},
  volume={388},
  number={10053},
  pages={1545--1602},
  year={2016},
  publisher={Elsevier},
  doi={10.1016/S0140-6736(16)31678-6}
}

@article{simula2020association,
  title={Association of STarT Back Tool and the short form of the {\"O}rebro Musculoskeletal Pain Screening Questionnaire with multidimensional risk factors},
  author={Simula, Anna Sofia and Ruokolainen, Olli and Oura, Petteri and Lausmaa, Mikko and Holopainen, Riikka and Paukkunen, Maija and Auvinen, Juha and Linton, Steven J and Hill, Jonathan C and Karppinen, Jaro},
  journal={Scientific reports},
  volume={10},
  number={1},
  pages={1--11},
  year={2020},
  publisher={Nature Publishing Group},
  doi={10.1038/s41598-019-57105-3}
}

@article{bruyere2014validity,
  title={Validity and reliability of the French version of the STarT Back screening tool for patients with low back pain},
  author={Bruy{\`e}re, Olivier and Demoulin, Maryline and Beaudart, Charlotte and Hill, Jonathan C and Maquet, Didier and Genevay, St{\'e}phane and Mahieu, Genevi{\`e}ve and Reginster, Jean-Yves and Crielaard, Jean-Michel and Demoulin, Christophe},
  journal={Spine},
  volume={39},
  number={2},
  pages={E123--E128},
  year={2014},
  publisher={LWW},
  doi={10.1097/BRS.0000000000000062}
}

