@article{elkins2021new,
  title={A new high-quality scholarly journal will help drive physiotherapy towards being an evidence-based healthcare profession in France.},
  author={Elkins, Mark and Moseley, Anne and Pinto, Rafael Zambelli and others},
  journal={European Rehabilitation Journal},
  volume={1},
  number={1},
  pages={1--2},
  year={2021}
}

@misc{schloss2017support,
  title={Support science by publishing in scientific society journals},
  author={Schloss, Patrick D and Johnston, Mark and Casadevall, Arturo},
  year={2017},
  journal={Am Soc Microbiol}
}

@misc{johnston2017scientific,
  title={Scientific Society Journals: By Scientists for Science},
  author={Johnston, Mark},
  year={2017},
  journal={Genetics Soc America}
}

@misc{noauthor_decret_2019,
	title = {Décret n° 2019-1107 du 30 octobre 2019 modifiant le décret n° 87-31 du 20 janvier 1987 relatif au {Conseil} national des universités pour les disciplines médicales, odontologiques et pharmaceutiques},
	urldate = {2021-06-02},
	month = oct,
	year = {2019}
}